@article{samsung21tizen,
  author          = {Samsung},
  journal         = {SDC23},
  title           = {\lr{S/W Platform for Digital Appliance: Part I. TizenRT}},
  year            = {2021},
}

@article{nuttx,
  author          = {\lr{NuttX-Gregory Nutt}},
  journal         = {Online},
  title           = {\lr{Available: https://cwiki.apache}},
  year            = {2020}
}

@article{samsungbixby,
  author          = {\lr{S. Sahu}},
  journal         = {\lr{Presented at the Samsung Develop. Conf. (SDC), San Francisco, CA, USA}},
  title           = {\lr{“TizenRT demo: Use bixby to control SmartThings-enabled devices”}},
  year            = {2019}
}

@article{tizenrtrepo,
  journal         = {Online},
  title           = {\lr{Available: https://github.com/Samsung/TizenRT/}},
  year            = {2020}
}