@article{hahm2020reliable,
  title           = {Reliable real-time operating system for IoT devices},
  author          = {Hahm, Seong-Il and Kim, Jeongchan and Jeong, Ahreum and Yi, Hyunjin and Chang, Sunghan and Kishore, Shobha Nanda and Chauhan, Amandeep and Cherian, Siju Punnoose},
  journal         = {IEEE Internet of Things Journal},
  volume          = {8},
  number          = {5},
  pages           = {3705--3716},
  year            = {2020},
  publisher       = {IEEE}
}

@article{samsung21tizen,
  author          = {سامسونگ},
  journal         = {SDC23},
  title           = {پلتفرم نرم‌افزاری برای وسایل خانگی دیجیتال: قسمت اول، سیستم عامل تایزن},
  year            = {2021},
  language        = {Persian}
}

@article{nuttx,
  author          = {NuttX-Gregory Nutt},
  journal         = {Online},
  title           = {Available: https://cwiki.apache},
  year            = {2020}
}

@article{samsungbixby,
  author          = {S. Sahu},
  journal         = {Presented at the Samsung Develop. Conf. (SDC), San Francisco, CA, USA},
  title           = {“TizenRT demo: Use bixby to control SmartThings-enabled devices”},
  year            = {2019}
}

@article{tizenrtrepo,
  journal         = {گیت‌هاب},
  title           = {\href{https://github.com/Samsung/TizenRT/}{مخزن اصلی سامسونگ تایزن}},
  year            = {2020},
  language        = {Persian}
}

@article{cortexm4arm,
  author          = {آرم},
  title           = {مشخصات فنی سخت‌افزاری},
  url             = {https://documentation-service.arm.com/static/5f19da2a20b7cf4bc524d99a},
  year            = {2010},
  language        = {Persian}
}

@article{armnxpimxrt1020,
  author          = {ARM},
  title           = {i.MX RT1020 Crossover Processor for Consumer Products: \href{https://cache.nxp.com/docs/en/data-sheet/IMXRT1020CEC.pdf}{Manual}}},
  year            = {2022}
}

@article{armcortexm7,
  author          = {ARM},
  title           = {\href{https://developer.arm.com/documentation/dui0646/c/}{Cortex-M7 Generic User Guide}},
  year            = {2015, 2018}
}

@article{filedescriptor,
  author          = {Computer Hope},
  journal         = {\href{https://www.computerhope.com/jargon/f/file-descriptor.htm}{F-Definitions}},
  title           = {File Descriptor},
  year            = {2021}
}

@article{inodes,
  author          = {ویکی‌پدیا},
  journal         = {\href{https://en.wikipedia.org/wiki/Inode}{{https://en.wikipedia.org/wiki/Inode}}},
  title           = {inodes},
  language        = {Persian}
}